@misc{dogsandcats,
  title = {Dogs vs. Cats Data-set},
  year = {2013},
  note = {data retrieved from Kaggle, 
          \url{https://www.kaggle.com/c/dogs-vs-cats}},
}