@misc{cite:Dogrepellingdetterent,
  title = {Dog Repellent Deterrent - A Sound Defense},
  howpublished = {\url{https://www.youtube.com/watch?v=EiY5vThzMVY}},
  note = {Accessed: 2019-10-25}
}

@misc{cite:Dogrepellingsprey,
  title = {Dog \& Cat Tips : How to Repel Dogs},
  howpublished = {\url{https://www.youtube.com/watch?v=d6nfH8VNPjg}},
  note = {Accessed: 2019-10-25}
}

@misc{cite:cheapservo,
  title = {Servo Motor},
  howpublished = {\url{https://www.direnc.net/sg90-9g-servo-motor?lang=tr&h=d9a8921d&gclid=CjwKCAjwusrtBRBmEiwAGBPgEzOYh4muPQ5i4bdnQi7Mc8TMhY0KDlbhwYUfORjv2eqYImXpwf8DbxoCj-4QAvD_BwE}},
  note = {Accessed: 2019-10-25}
}

@misc{cite:SOTA,
  author = {Caitlin McCormack},
  title = {The Best Automatic Cat Feeders (2019 Reviews)},
  howpublished = {\url{https://catlifetoday.com/best-automatic-cat-feeders/}},
  note = {Accessed: 2019-10-25}
}

@misc{cite:DIET,
  title = {How much food you must give to your cat},
  howpublished = {\url{https://www.pet-happy.com/how-much-food-you-must-give-to-your-cat/}},
  note = {Accessed: 2019-10-27}
}

@COMMENT { BibTex package created from National Library of Australia Catalogue https://catalogue.nla.gov.au  }
@Book{bib:intro_societalMarketing,
author = { Armstrong, Gary and Adam, Stewart, and Denize, Sara M. and Kotler, Philip, },
title = { Principles of marketing / Gary Armstrong, Stewart Adam, Sara Denize, Philip Kotler },
edition = { 6th edition },
isbn = { 9781486002696 },
publisher = { Pearson Frenchs Forest, NSW },
pages = { xx, 572 pages : },
year = { 2015 2015 },
type = { Book },
language = { English },
subjects = { Marketing -- Textbook.; Marketing -- Management -- Textbook.; Customer relations -- Management -- Textbook.; Australian },
life-dates = { 2015 - 2015 },
catalogue-url = { https://nla.gov.au/nla.cat-vn6536413 },
}


@misc{bib::universalApproximator,
    title={Universal Approximation Theorems},
    author={Anastasis Kratsios},
    year={2019},
    eprint={1910.03344},
    archivePrefix={arXiv},
    primaryClass={stat.ML}
}







@article{cite:CNNPowerful,
author = {Xiangpo Wei and Xuchu Yu and Bing Liu and Lu Zhi},
title = {Convolutional neural networks and local binary patterns for hyperspectral image classification},
journal = {European Journal of Remote Sensing},
volume = {52},
number = {1},
pages = {448-462},
year  = {2019},
publisher = {Taylor & Francis},
doi = {10.1080/22797254.2019.1634980},

URL = { 
        https://doi.org/10.1080/22797254.2019.1634980
    
},
eprint = { 
        https://doi.org/10.1080/22797254.2019.1634980
    
}

}

@misc{cite:picammod,
  author={The Raspberry Pi Foundation},
  title = {Raspberry Pi Camera Module Documentation},
  howpublished = {\url{https://www.raspberrypi.org/documentation/hardware/camera/}},
  note = {Accessed: 2019-11-25}
}



@misc{cite:servomotor,
    author={Tower Pro},
    title={MG996R High Torque Metal Gear Dual Ball Bearing Servo},
    url={https://www.electronicoscaldas.com/datasheet/MG996R_Tower-Pro.pdf},
    note={Original document from Tower Pro},
    publisher={Tower Pro},
}

@misc{cite:sonar,
    author={elecFreaks},
    title={Ultrasonic Ranging Module HC - SR04 },
    url={https://cdn.sparkfun.com/datasheets/Sensors/Proximity/HCSR04.pdf},
    note={Original document from elecFreaks},
    publisher={elecFreaks},
}


@misc{cite:infrared,
    author={SHARP},
    title={Distance Measuring Sensor Unit Measuring distance: 100 to 550 cm Analog output type },
    url={https://acroname.com/sites/default/files/assets/sharp_gp2y0a710yk0f_datasheet.pdf},
    note={Original document from SHARP Sheet No.: E4-A00301EN},
    publisher={SHARP},
}

@misc{cite:hx711,
    author={AVIA SEMICONDUCTOR},
    title={24-Bit Analog-to-Digital Converter (ADC) for Weigh Scales},
    url={https://cdn.sparkfun.com/datasheets/Sensors/ForceFlex/hx711_english.pdf},
    note={Original document from AVIA SEMICONDUCTOR },
    publisher={AVIA SEMICONDUCTOR},
}



@misc{cite:polulu,
    author={Pololu Robotics \& Electronics},
    title={ Dealing with Motor Noise},
    url={https://www.pololu.com/docs/0J15/9},
    publisher={Pololu Robotics & Electronics},
}


@misc{cite:galil,
    author={Galil Motion Control, Inc},
    title={Electrical Noise in Motion Control Circuits },
    url={http://www.galilmc.com/download/application-note/note5438.pdf},
    note={Application Note # 5438 },
    publisher={Galil Motion Control, Inc},
}


 @misc{cite:analog,
    author={Jefferson Eco and Aldrick Limjoco},
    title={Electrical Noise in Motion Control Circuits },
    url={ https://www.analog.com/media/en/technical-documentation/application-notes/AN-1368.pdf},
    note={Ferrite Bead Demystified AN-1368 APPLICATION NOTE },
    publisher={Analog Devices},
}
 
  @misc{cite:robotshop,
    author={Team Delta Engineering},
    title={Reducing Motor Noise },
    url={ https://www.robotshop.com/media/files/pdf/motor-noise-reduction.pdf},
    note={Application Note \#1 - Reducing Motor Noise },
    publisher={Team Delta Engineering},
}
 https://www.robotshop.com/media/files/pdf/motor-noise-reduction.pdf
 
 @inproceedings{cite:cnnFineTune1,
  title={Fine-tuning Deep Convolutional Networks for Plant Recognition},
  author={Angie K. Reyes and Juan C. Caicedo and Jorge E. Camargo},
  booktitle={CLEF},
  year={2015}
}
@misc{cite:Dazer,
  author={Stephen Site},
  title = {Dazer Frequency for Dazer II},
  howpublished = {\url{http://www.dazer.com.au/blog/how-dazer-ii-dog-deterrent-can-be-used}},
  note = {Accessed: 2019-12-22}
}
