@misc{cite:RSA,
  title = {SI110: Digital Cryptography},
  url = {https://www.usna.edu/Users/cs/wcbrown/courses/si110AY13S/lec/l27/lec.html},
  urldate = {2020-02-13}
}




@misc{cite:wikihuman,
    title = {Human interaction with cats},
    howpublished = {\url{https://en.wikipedia.org/wiki/Human_interaction_with_cats#cite_note-3}},note = {Accessed: 2019-02-25}
    }



@misc{cite:natgeocat,
    title = {What Do Cats Think About Us? You May Be Surprised},
    howpublished = {\url{https://www.nationalgeographic.com/news/2014/1/140127-cats-pets-animals-nation-dogs-people-science/}},note = {Accessed: 2019-1-25}
    }


@misc{cite:catfood,
  title = {How much food you must give to your cat},
  url = {https://www.pet-happy.com/how-much-food-you-must-give-to-your-cat/},
  urldate = {2014-13-11}
}

@misc{cite:modelCNN,
  title = {Simple Image Classification using Convolutional Neural Network â€” Deep Learning in python.},
  url = {https://becominghuman.ai/building-an-image-classifier-using-deep-learning-in-python-totally-from-a-beginners-perspective-be8dbaf22dd8},
  urldate = {2020-02-27}
}

@article{cite:CNNPowerful,
author = {Xiangpo Wei and Xuchu Yu and Bing Liu and Lu Zhi},
title = {Convolutional neural networks and local binary patterns for hyperspectral image classification},
journal = {European Journal of Remote Sensing},
volume = {52},
number = {1},
pages = {448-462},
year  = {2019},
publisher = {Taylor & Francis},
doi = {10.1080/22797254.2019.1634980},

URL = { 
        https://doi.org/10.1080/22797254.2019.1634980
    
},
eprint = { 
        https://doi.org/10.1080/22797254.2019.1634980
    
}

}

@misc{bib::universalApproximator,
    title={Universal Approximation Theorems},
    author={Anastasis Kratsios},
    year={2019},
    eprint={1910.03344},
    archivePrefix={arXiv},
    primaryClass={stat.ML}
}


@misc{cite:CWH,
  title = {Cats: most interesting facts about common domestic pets},
  howpublished = {https://web.archive.org/web/20141006105806/http://english.pravda.ru/society/family/09-01-2006/9478-cats-0/}},
  note = {Accessed: 2006}
}

@misc{Catssss,
  title = {Cats: most interesting facts about common domestic pets},
  howpublished = {https://web.archive.org/web/20141006105806/http://english.pravda.ru/society/family/09-01-2006/9478-cats-0/}},
  note = {Accessed: 2006}
}


