@misc{dogsandcats,
  key   = {Dogs and Cats},
  title = {Dogs vs. Cats Data-set},
  year  = {2013},
  howpublished = {\url{https://www.kaggle.com/c/dogs-vs-cats}}
}


@misc{cite:pythonSocket,
    key   = {Python Socket},
    title = {Low-level networking interface},
    howpublished = {\url{https://docs.python.org/3/library/socket.html}},
}

@misc{cite:picamera,
    key = {Python Camera Module},
    title = {picamera},
    howpublished = {\url{https://picamera.readthedocs.io/en/release-1.13/}}
}

@INPROCEEDINGS{cite:TCPProtocol,
author={I. {Coonjah} and P. C. {Catherine} and K. M. S. {Soyjaudah}},
booktitle={2015 International Conference on Computing, Communication and Security (ICCCS)},
title={Experimental performance comparison between TCP vs UDP tunnel using OpenVPN},
year={2015},
volume={},
number={},
pages={1-5},
keywords={computer network reliability;Internet;telecommunication traffic;transport protocols;virtual private networks;experimental performance comparison;UDP tunnel;TCP tunnel;OpenVPN;scientific literature;permanent tunnel;reliable transfer;UDP traffic;virtual private network;Virtual private networks;Protocols;IP networks;Servers;Open systems;Tunneling;Local area networks;TCP;UDP;OpenSSH;VPN;Tunneling},
doi={10.1109/CCCS.2015.7374133},
ISSN={},
month={Dec},}