@misc{cite:github_studentPack,
    title={GitHub Student Developer Pack},
    url={https://education.github.com/pack},
    journal={GitHub Education}
} 