@misc{cite:Dogrepellingdetterent,
  title = {Dog Repellent Deterrent - A Sound Defense},
  howpublished = {\url{https://www.youtube.com/watch?v=EiY5vThzMVY}},
  note = {Accessed: 2019-10-25}
}

@misc{cite:Dogrepellingsprey,
  title = {Dog & Cat Tips : How to Repel Dogs},
  howpublished = {\url{https://www.youtube.com/watch?v=d6nfH8VNPjg}},
  note = {Accessed: 2019-10-25}
}

@misc{cite:cheapservo,
  title = {Servo Motor},
  howpublished = {\url{https://www.direnc.net/sg90-9g-servo-motor?lang=tr&h=d9a8921d&gclid=CjwKCAjwusrtBRBmEiwAGBPgEzOYh4muPQ5i4bdnQi7Mc8TMhY0KDlbhwYUfORjv2eqYImXpwf8DbxoCj-4QAvD_BwE}},
  note = {Accessed: 2019-10-25}
}

@misc{cite:SOTA,
  title = {The Best Automatic Cat Feeders (2019 Reviews)},
  howpublished = {\url{https://catlifetoday.com/best-automatic-cat-feeders/}},
  note = {Accessed: 2019-10-25}