@misc{cite:ganttchart,
  title = {Gantt Chart},
  howpublished = {\url{https://www.gantt.com/}},
  note = {Accessed: 2019-10-26}
}